@article{HD_stats_repo_2024,
	title = {High-dimensional statistics with {R}},
	note = {\url{https://github.com/carpentries-incubator/high-dimensional-stats-r}},
	author = {O'Callaghan, Alan and Robertson, Gail and Vallejos, Catalina and Ewing, Ailith and Meynert, Alison and Becher, Hannes},
	year = {2024},
}
